@article{abdi2010principal,
  title     = {Principal component analysis},
  author    = {Abdi, Herv{\'e} and Williams, Lynne J},
  journal   = {Wiley interdisciplinary reviews: computational statistics},
  volume    = {2},
  number    = {4},
  pages     = {433--459},
  year      = {2010},
  publisher = {Wiley Online Library}
}

@article{cai2010singular,
  title     = {A singular value thresholding algorithm for matrix completion},
  author    = {Cai, Jian-Feng and Cand{\`e}s, Emmanuel J and Shen, Zuowei},
  journal   = {SIAM Journal on optimization},
  volume    = {20},
  number    = {4},
  pages     = {1956--1982},
  year      = {2010},
  publisher = {SIAM}
}

@article{beck2009fast,
  title     = {A fast iterative shrinkage-thresholding algorithm for linear inverse problems},
  author    = {Beck, Amir and Teboulle, Marc},
  journal   = {SIAM journal on imaging sciences},
  volume    = {2},
  number    = {1},
  pages     = {183--202},
  year      = {2009},
  publisher = {SIAM}
}

@article{candes2011robust,
  title     = {Robust principal component analysis?},
  author    = {Cand{\`e}s, Emmanuel J and Li, Xiaodong and Ma, Yi and Wright, John},
  journal   = {Journal of the ACM (JACM)},
  volume    = {58},
  number    = {3},
  pages     = {1--37},
  year      = {2011},
  publisher = {ACM New York, NY, USA}
}

@article{lin2009fast,
  title     = {Fast convex optimization algorithms for exact recovery of a corrupted low-rank matrix},
  author    = {Lin, Zhouchen and Ganesh, Arvind and Wright, John and Wu, Leqin and Chen, Minming and Ma, Yi},
  journal   = {Coordinated Science Laboratory Report no. UILU-ENG-09-2214, DC-246},
  year      = {2009},
  publisher = {Coordinated Science Laboratory, University of Illinois at Urbana-Champaign}
}

@article{lin2010augmented,
  title   = {The augmented lagrange multiplier method for exact recovery of corrupted low-rank matrices},
  author  = {Lin, Zhouchen and Chen, Minming and Ma, Yi},
  journal = {arXiv preprint arXiv:1009.5055},
  year    = {2010}
}

@article{wright2009robust,
  title   = {Robust principal component analysis: Exact recovery of corrupted low-rank matrices via convex optimization},
  author  = {Wright, John and Ganesh, Arvind and Rao, Shankar and Peng, Yigang and Ma, Yi},
  journal = {Advances in neural information processing systems},
  volume  = {22},
  year    = {2009}
}

@article{avron2012efficient,
  title   = {Efficient and practical stochastic subgradient descent for nuclear norm regularization},
  author  = {Avron, Haim and Kale, Satyen and Kasiviswanathan, Shiva and Sindhwani, Vikas},
  journal = {arXiv preprint arXiv:1206.6384},
  year    = {2012}
}

@article{parikh2014proximal,
  title     = {Proximal algorithms},
  author    = {Parikh, Neal and Boyd, Stephen and others},
  journal   = {Foundations and trends{\textregistered} in Optimization},
  volume    = {1},
  number    = {3},
  pages     = {127--239},
  year      = {2014},
  publisher = {Now Publishers, Inc.}
}

@article{tanner2016low,
  title     = {Low rank matrix completion by alternating steepest descent methods},
  author    = {Tanner, Jared and Wei, Ke},
  journal   = {Applied and Computational Harmonic Analysis},
  volume    = {40},
  number    = {2},
  pages     = {417--429},
  year      = {2016},
  publisher = {Elsevier}
}

@article{kingma2014adam,
  title   = {Adam: A method for stochastic optimization},
  author  = {Kingma, Diederik P and Ba, Jimmy},
  journal = {arXiv preprint arXiv:1412.6980},
  year    = {2014}
}

@inproceedings{cai2021fast,
  title     = {Fast robust tensor principal component analysis via fiber cur decomposition},
  author    = {Cai, HanQin and Chao, Zehan and Huang, Longxiu and Needell, Deanna},
  booktitle = {Proceedings of the IEEE/CVF International Conference on Computer Vision},
  pages     = {189--197},
  year      = {2021}
}

@article{radhakrishnan2022simple,
  title     = {Simple, fast, and flexible framework for matrix completion with infinite width neural networks},
  author    = {Radhakrishnan, Adityanarayanan and Stefanakis, George and Belkin, Mikhail and Uhler, Caroline},
  journal   = {Proceedings of the National Academy of Sciences},
  volume    = {119},
  number    = {16},
  pages     = {e2115064119},
  year      = {2022},
  publisher = {National Acad Sciences}
}

@article{candes2012exact,
  title     = {Exact matrix completion via convex optimization},
  author    = {Candes, Emmanuel and Recht, Benjamin},
  journal   = {Communications of the ACM},
  volume    = {55},
  number    = {6},
  pages     = {111--119},
  year      = {2012},
  publisher = {ACM New York, NY, USA}
}

@article{liu2012robust,
  title     = {Robust recovery of subspace structures by low-rank representation},
  author    = {Liu, Guangcan and Lin, Zhouchen and Yan, Shuicheng and Sun, Ju and Yu, Yong and Ma, Yi},
  journal   = {IEEE transactions on pattern analysis and machine intelligence},
  volume    = {35},
  number    = {1},
  pages     = {171--184},
  year      = {2012},
  publisher = {IEEE}
}

@article{boyd2003subgradient,
  title   = {Subgradient methods},
  author  = {Boyd, Stephen and Xiao, Lin and Mutapcic, Almir},
  journal = {lecture notes of EE392o, Stanford University, Autumn Quarter},
  volume  = {2004},
  pages   = {2004--2005},
  year    = {2003}
}

@article{watson1992characterization,
  title   = {Characterization of the subdifferential of some matrix norms},
  author  = {Watson, G Alistair},
  journal = {Linear algebra and its applications},
  volume  = {170},
  number  = {0},
  pages   = {33--45},
  year    = {1992}
}

@misc{diadochos2018derivative,
  title        = {Derivative of the nuclear norm},
  author       = {diadochos (https://math.stackexchange.com/users/351390/diadochos)},
  howpublished = {Mathematics Stack Exchange},
  note         = {URL:https://math.stackexchange.com/q/2727651 (version: 2018-04-10)},
  eprint       = {https://math.stackexchange.com/q/2727651},
  url          = {https://math.stackexchange.com/q/2727651}
}

@article{yuan2009sparse,
  title   = {Sparse and low-rank matrix decomposition via alternating direction methods},
  author  = {Yuan, Xiaoming and Yang, Junfeng},
  journal = {preprint},
  volume  = {12},
  number  = {2},
  year    = {2009}
}

@article{diamond2016cvxpy,
  author  = {Steven Diamond and Stephen Boyd},
  title   = {{CVXPY}: {A} {P}ython-embedded modeling language for convex optimization},
  journal = {Journal of Machine Learning Research},
  year    = {2016},
  volume  = {17},
  number  = {83},
  pages   = {1--5}
}

@inproceedings{hu2008collaborative,
  title        = {Collaborative filtering for implicit feedback datasets},
  author       = {Hu, Yifan and Koren, Yehuda and Volinsky, Chris},
  booktitle    = {2008 Eighth IEEE international conference on data mining},
  pages        = {263--272},
  year         = {2008},
  organization = {Ieee}
}

@article{mnih2007probabilistic,
  title   = {Probabilistic matrix factorization},
  author  = {Mnih, Andriy and Salakhutdinov, Russ R},
  journal = {Advances in neural information processing systems},
  volume  = {20},
  year    = {2007}
}

@inproceedings{paterek2007improving,
  title     = {Improving regularized singular value decomposition for collaborative filtering},
  author    = {Paterek, Arkadiusz},
  booktitle = {Proceedings of KDD cup and workshop},
  volume    = {2007},
  pages     = {5--8},
  year      = {2007}
}

@inproceedings{gu2014weighted,
  title     = {Weighted nuclear norm minimization with application to image denoising},
  author    = {Gu, Shuhang and Zhang, Lei and Zuo, Wangmeng and Feng, Xiangchu},
  booktitle = {Proceedings of the IEEE conference on computer vision and pattern recognition},
  pages     = {2862--2869},
  year      = {2014}
}

@article{wang2021generalized,
  title   = {广义加权鲁棒主成分分析 (GWRPCA) 的模型与算法},
  author  = {王兴趣 and 贾世会 and 迟晓妮},
  journal = {系统科学与数学},
  volume  = {41},
  number  = {12},
  pages   = {3363},
  year    = {2021}
}

@article{hao2021low,
  title   = {低秩矩阵恢复问题的QA-PGL算法及应用},
  author  = {郝运琪},
  journal = {大连理工大学},
  year    = {2021},
  doi     = {10.26991/d.cnki.gdllu.2021.003177}
}

@article{mazumder2010spectral,
  title     = {Spectral regularization algorithms for learning large incomplete matrices},
  author    = {Mazumder, Rahul and Hastie, Trevor and Tibshirani, Robert},
  journal   = {The Journal of Machine Learning Research},
  volume    = {11},
  pages     = {2287--2322},
  year      = {2010},
  publisher = {JMLR. org}
}

@article{ma2011fixed,
  title     = {Fixed point and Bregman iterative methods for matrix rank minimization},
  author    = {Ma, Shiqian and Goldfarb, Donald and Chen, Lifeng},
  journal   = {Mathematical Programming},
  volume    = {128},
  number    = {1},
  pages     = {321--353},
  year      = {2011},
  publisher = {Springer}
}

@inproceedings{yao2015accelerated,
  title     = {Accelerated inexact soft-impute for fast large-scale matrix completion},
  author    = {Yao, Quanming and Kwok, James T},
  booktitle = {Twenty-fourth international joint conference on artificial intelligence},
  year      = {2015}
}

@article{zhang2010nearly,
  title     = {Nearly unbiased variable selection under minimax concave penalty},
  author    = {Zhang, Cun-Hui},
  journal   = {The Annals of statistics},
  volume    = {38},
  number    = {2},
  pages     = {894--942},
  year      = {2010},
  publisher = {Institute of Mathematical Statistics}
}

@article{peng2017s,
  title     = {S-1/2 regularization methods and fixed point algorithms for affine rank minimization problems},
  author    = {Peng, Dingtao and Xiu, Naihua and Yu, Jian},
  journal   = {Computational Optimization and Applications},
  volume    = {67},
  number    = {3},
  pages     = {543--569},
  year      = {2017},
  publisher = {Springer}
}

@article{wang2019fast,
  title     = {Fast and efficient algorithm for matrix completion via closed-form 2/3-thresholding operator},
  author    = {Wang, Zhi and Wang, Wendong and Wang, Jianjun and Chen, Siqi},
  journal   = {Neurocomputing},
  volume    = {330},
  pages     = {212--222},
  year      = {2019},
  publisher = {Elsevier}
}

@article{feng2020based,
  title   = {基于加权核范数的低秩矩阵近似及其应用},
  author  = {冯伟 and 谢冬秀},
  journal = {计算机应用},
  volume  = {40},
  pages   = {128--131},
  year    = {2020}
}

@article{shi2013low,
  title   = {低秩矩阵恢复算法综述},
  author  = {史加荣 and 郑秀云 and 魏宗田 and 杨威},
  journal = {计算机应用研究},
  volume  = {30},
  number  = {6},
  pages   = {1601--1605},
  year    = {2013}
}
